%% This BibTeX bibliography file was created using BibDesk.
%% http://bibdesk.sourceforge.net/

%% Created for AZAMUKE DENISH at 2018-03-11 19:54:44 +0300 


%% Saved with string encoding Unicode (UTF-8) 



@article{montgomery2009interactive,
	Author = {Montgomery, Kathryn C and Chester, Jeff},
	Journal = {Journal of Adolescent Health},
	Number = {3},
	Pages = {S18--S29},
	Publisher = {Elsevier},
	Title = {Interactive food and beverage marketing: targeting adolescents in the digital age},
	Volume = {45},
	Year = {2009}}

@article{de2012popularity,
	Author = {De Vries, Lisette and Gensler, Sonja and Leeflang, Peter SH},
	Journal = {Journal of interactive marketing},
	Number = {2},
	Pages = {83--91},
	Publisher = {Elsevier},
	Title = {Popularity of brand posts on brand fan pages: An investigation of the effects of social media marketing},
	Volume = {26},
	Year = {2012}}

@article{kirtics2011or,
	Author = {Kirti{\c{s}}, A Kaz{\i}m and Karahan, Filiz},
	Journal = {Procedia-Social and Behavioral Sciences},
	Pages = {260--268},
	Publisher = {Elsevier},
	Title = {To be or not to be in social media arena as the most cost-efficient marketing strategy after the global recession},
	Volume = {24},
	Year = {2011}}

@article{vanboskirk2011us,
	Author = {VanBoskirk, Shar and Overby, Christine Spivey and Takvorian, Sarah},
	Journal = {BCAMA, Marketing Association of BC},
	Title = {US interactive marketing forecast, 2011 to 2016},
	Year = {2011}}
